@article{Swets2024,
  author = {Swets, Maaike C and Bakk, Zsuzsa and Westgeest, Annette C and Berry, Karla and Cooper, George and Sim, Wynne and Lee, Rui Shian and Gan, Tze Yi and Donlon, William and Besu, Antonia and Heppenstall, Ellen and Tysall, Lauren and Dewar, Scott and de Boer, Mark G J and Fowler, Jr, Vance G and Dockrell, David H and Thwaites, Guy E and Pujol, Miquel and Pallares, Nuria and Tebe, Cristòfol and Carratalà, Jordi and Szubert, Alan J and Groeneveld, G H Rolf and Russell, Clark D},
  year = {2024},
  month = {06},
  pages = {1153-1161},
  title = {Clinical Subphenotypes of Staphylococcus aureus Bacteremia},
  volume = {79},
  journal = {Clinical Infectious Diseases},
  doi = {10.1093/cid/ciae338}
}

@article{Morris2019,
    author = {Morris, Tim P. and White, Ian R. and Crowther, Michael J.},
    title = "{Using simulation studies to evaluate statistical methods}",
    journal = {Statistics in Medicine},
    volume = {38},
    number = {11},
    pages = {2074-2102},
    keywords = {Monte Carlo, reporting guideline, simulation study, statistical methods},
    doi = {https://doi.org/10.1002/sim.8086},
    url = {https://onlinelibrary.wiley.com/doi/abs/10.1002/sim.8086},
    eprint = {https://onlinelibrary.wiley.com/doi/pdf/10.1002/sim.8086},
    year = {2019}
}

@article{Siepe2024,
    year = {2024},
    author = {Björn S. Siepe and František Bartoš and Tim P. Morris and Anne-Laure Boulesteix and Daniel W. Heck and Samuel Pawel},
    title = {Simulation Studies for Methodological Research in Psychology: A Standardized Structure for Planning, Preregistration, and Reporting},
    doi = {10.1037/met0000695},
    url = {https://doi.org/10.1037/met0000695},
    journal = {Psychological Methods}
}

@article{Tong2015,
    author = {Tong, Steven Y. C. and Davis, Joshua S. and Eichenberger, Emily and Holland, Thomas L. and Fowler, Vance G.},
    title = "{Staphylococcus aureus Infections: Epidemiology, Pathophysiology, Clinical Manifestations, and Management}",
    journal = {Clinical Microbiology Reviews},
    volume = {28},
    number = {3},
    pages = {603-661},
    year = {2015},
    doi = {10.1128/CMR.00134-14},
    url = {https://journals.asm.org/doi/abs/10.1128/CMR.00134-14}
}

@article{GBD2019,
    author = {{GBD 2019 Antimicrobial Resistance Collaborators}},
    title = "{Global mortality associated with 33 bacterial pathogens in 2019: a systematic analysis for the Global Burden of Disease Study 2019}",
    journal = {The Lancet},
    volume = {400},
    number = {10369},
    pages = {2221-2248},
    year = {2022},
    doi = {10.1016/S0140-6736(22)02185-7}
}

@article{Thwaites2018,
    author = {Thwaites, Guy E. and Scarborough, Matthew and Szubert, Alan and Nsutebu, Emmanuel and Tilley, Richard and Greig, Jane and Wyllie, Sarah A. and Wilson, Peter and Auckland, Chloë and Cairns, John and Ward, Debbi and Lal, Punam and Barlow, Gavin and Hopkins, Susan and Gkrania-Klotsas, Effrossyni Z. and Shankaran, Padmasarda and Cripps, Natasha and Davies, Jonathan and Harvey, David and Gubbay, Andrew J. and Klein, J. Louis and Bradley, Chris and Morgan, Mari and Llewelyn, Martin J. and Edgeworth, Jonathan D. and Walker, A. Sarah},
    title = "{Adjunctive rifampicin for Staphylococcus aureus bacteraemia (ARREST): a multicentre, randomised, double-blind, placebo-controlled trial}",
    journal = {The Lancet},
    volume = {391},
    number = {10121},
    pages = {668-678},
    year = {2018},
    doi = {10.1016/S0140-6736(17)32446-X}
}

@article{Holland2022,
    author = {Holland, Thomas L. and Bayer, Arnold S. and Fowler, Vance G.},
    title = "{Persistent Staphylococcus aureus Bacteremia: Challenges and Controversies}",
    journal = {Clinical Infectious Diseases},
    volume = {75},
    number = {10},
    pages = {1863-1870},
    year = {2022},
    doi = {10.1093/cid/ciac4 persistent}
}

@article{Paulsen2024,
    author = {Paulsen, Johann and Giske, Christian G. and Frimodt-Møller, Niels and Knudsen, Jenny Dahl and Petersen, Andreas and Kjøbek, Lotte and Brandt, Carolin and Jensen, Uffe S. and Schønheyder, Henrik C. and Knudsen, Ida D. and Østergaard, Christian and Arpi, Magnus and Andersen, Claus and Tønder, Rikke V. and Søndergaard, Tove S. and Rosenvinge, Flemming S. and Møller, Jacob K. and Jensen, Thøger G. and Kjær, Jacob and Lindegaard, Bente and Benfield, Thomas},
    title = "{Ceftaroline vs Standard-of-Care Antibiotics for Treatment of Complicated Staphylococcus aureus Bacteremia: A Randomized Clinical Trial}",
    journal = {JAMA Internal Medicine},
    volume = {184},
    number = {2},
    pages = {143-151},
    year = {2024},
    doi = {10.1001/jamainternmed.2023.6764}
}

@article{Davis2023,
    author = {Davis, Joshua S. and Stevens, Vanessa and van Hal, Sebastiaan J.},
    title = "{Time to get personal with Staphylococcus aureus bacteraemia}",
    journal = {Clinical Microbiology and Infection},
    volume = {29},
    number = {11},
    pages = {1357-1359},
    year = {2023},
    doi = {https://doi.org/10.1016/j.cmi.2023.07.017}
}

@article{Siontis2014,
    author = {Siontis, George C.M. and Tzoulaki, Ioanna and Castaldi, Peter J. and Ioannidis, John P.A.},
    title = "{External validation of new risk prediction models is infrequent and reveals worse prognostic discrimination}",
    journal = {Journal of Clinical Epidemiology},
    volume = {68},
    number = {1},
    pages = {25-34},
    year = {2015},
    doi = {https://doi.org/10.1016/j.jclinepi.2014.09.007}
}

@article{Kent2018,
    author = {Kent, David M. and Steyerberg, Ewout W. and van Klaveren, David},
    title = "{Personalized evidence based medicine: predictive approaches to heterogeneous treatment effects}",
    journal = {BMJ},
    volume = {363},
    pages = {k4245},
    year = {2018},
    doi = {10.1136/bmj.k4245}
}

@article{Sussman2017,
    author = {Sussman, Jeremy B. and Hayward, Rodney A.},
    title = "{An IV for the Use of Subgroup Analysis in Randomized Trials}",
    journal = {Annals of Internal Medicine},
    volume = {153},
    number = {2},
    pages = {124-130},
    year = {2010},
    doi = {10.7326/0003-4819-153-2-201007200-00263}
}

@article{Anthenelli2011,
    author = {Anthenelli, Robert M. and Simon, Neal and O’Malley, Stephanie S. and Breslow, Roger and West, Robert and McRee, Bud and Hoffmann, David and Interpol, Claire and Meyer, Roger and Simon, Richard},
    title = "{An Evaluation of the Use of Biomarkers to Predict the Effects of Varenicline on Smoking Cessation and Safety}",
    journal = {Annals of Internal Medicine},
    volume = {155},
    number = {11},
    pages = {760-771},
    year = {2011},
    doi = {10.7326/0003-4819-155-11-201112060-00007}
}

@article{Simon2004,
    author = {Simon, Richard and Maitournam, Aboubakar},
    title = "{Evaluating the efficiency of targeted designs for randomized clinical trials}",
    journal = {Clinical Cancer Research},
    volume = {10},
    number = {19},
    pages = {6759-6763},
    year = {2004},
    doi = {10.1158/1078-0432.CCR-04-0721}
}

@article{Wang2007,
    author = {Wang, Rong and Lagakos, Stephen W. and Ware, James H. and Hunter, David J. and Drazen, Jeffrey M.},
    title = "{Statistics in Medicine — Reporting of Subgroup Analyses in Clinical Trials}",
    journal = {New England Journal of Medicine},
    volume = {357},
    number = {21},
    pages = {2189-2194},
    year = {2007},
    doi = {10.1056/NEJMsr077003}
}

@article{Pocock2007,
    author = {Pocock, Stuart J. and Assmann, Susan E. and Enos, Lori E. and Kasten, Linda E.},
    title = "{Subgroup analysis, covariate adjustment and baseline comparisons in clinical trial reporting: current practice and problems}",
    journal = {Statistics in Medicine},
    volume = {21},
    number = {19},
    pages = {2917-2930},
    year = {2002},
    doi = {https://doi.org/10.1002/sim.1296}
}

@article{Antoniou2016,
    author = {Antoniou, Michael and Jorgensen, Andrea L. and Kolamunnage-Dona, Ruwanthi},
    title = "{Biomarker-guided adaptive enrichment designs in clinical trials: A review of methods and challenges}",
    journal = {Contemporary Clinical Trials},
    volume = {48},
    pages = {104-114},
    year = {2016},
    doi = {https://doi.org/10.1016/j.cct.2016.04.006}
}

@article{Wang2014,
    author = {Wang, Sue-Jane and Hung, H. M. James and O'Neill, Robert T.},
    title = "{Adaptive enrichment trial design challenges and opportunities}",
    journal = {Biometrical Journal},
    volume = {56},
    number = {1},
    pages = {146-161},
    year = {2014},
    doi = {https://doi.org/10.1002/bimj.201300158}
}
